<?xml version="1.0" encoding="UTF-8"?><record xmlns="http://www.loc.gov/MARC21/slim" xmlns:cinclude="http://apache.org/cocoon/include/1.0" xmlns:zs="http://www.loc.gov/zing/srw/">
  <leader>00520nz  a2200133n  4500</leader>
  <controlfield tag="001">no 91029062 </controlfield>
  <controlfield tag="003">DLC</controlfield>
  <controlfield tag="005">19911205135613.7</controlfield>
  <controlfield tag="008">911204n| acannaab|          |a ana     c</controlfield>
  <datafield tag="010" ind1=" " ind2=" ">
    <subfield code="a">no 91029062 </subfield>
  </datafield>
  <datafield tag="040" ind1=" " ind2=" ">
    <subfield code="a">DGPO</subfield>
    <subfield code="c">DGPO</subfield>
  </datafield>
  <datafield tag="110" ind1="1" ind2="0">
    <subfield code="a">United States.</subfield>
    <subfield code="t">Act to Extend until October 18, 1991, the Legislative Reinstatement of the Power of Indian Tribes to Exercise Criminal Jurisdiction over Indians</subfield>
  </datafield>
  <datafield tag="410" ind1="1" ind2="0">
    <subfield code="a">United States.</subfield>
    <subfield code="t">Public Law 102-124</subfield>
  </datafield>
  <datafield tag="670" ind1=" " ind2=" ">
    <subfield code="a">Its An Act to Extend until October 18, 1991, the Legislative ... 1991.</subfield>
  </datafield>
</record>